<record><leader>00000cas a2200000 a 4500</leader><controlfield tag="001">4129015</controlfield><controlfield tag="008">780811c18979999ilusr ne      0   b0pol c</controlfield><datafield ind1=" " ind2=" " tag="010"><subfield code="a">sn 78006264 </subfield></datafield><datafield ind1=" " ind2=" " tag="040"><subfield code="a">HUL</subfield><subfield code="b">eng</subfield><subfield code="c">HUL</subfield><subfield code="d">NSD</subfield><subfield code="d">MUL</subfield><subfield code="d">DLC</subfield><subfield code="d">NPH</subfield><subfield code="d">DLC</subfield><subfield code="d">PIT</subfield><subfield code="d">CNW</subfield><subfield code="d">NVF</subfield><subfield code="d">CRL</subfield><subfield code="d">DLC</subfield><subfield code="d">CVF</subfield><subfield code="d">OCLCQ</subfield><subfield code="d">CRL</subfield><subfield code="d">DLC</subfield><subfield code="d">OCLCQ</subfield><subfield code="d">OCLCF</subfield><subfield code="d">NVF</subfield><subfield code="d">OCLCO</subfield><subfield code="d">DLC</subfield><subfield code="d">OCL</subfield></datafield><datafield ind1=" " ind2=" " tag="022"><subfield code="a">0027-7894</subfield><subfield code="l">0027-7894</subfield><subfield code="2">1</subfield></datafield><datafield ind1="1" ind2=" " tag="029"><subfield code="a">AU@</subfield><subfield code="b">000020490057</subfield></datafield><datafield ind1=" " ind2=" " tag="032"><subfield code="a">371080</subfield><subfield code="b">USPS</subfield></datafield><datafield ind1=" " ind2=" " tag="037"><subfield code="b">Narod Polski, 984 N. Milwaukee Ave., Chicago, IL 60622</subfield></datafield><datafield ind1="0" ind2=" " tag="041"><subfield code="a">poleng</subfield></datafield><datafield ind1=" " ind2=" " tag="042"><subfield code="a">nsdp</subfield><subfield code="a">pcc</subfield></datafield><datafield ind1=" " ind2=" " tag="043"><subfield code="a">n-us-il</subfield></datafield><datafield ind1="0" ind2="0" tag="050"><subfield code="a">Newspaper</subfield></datafield><datafield ind1=" " ind2="0" tag="222"><subfield code="a">Naro&#769;d polski</subfield></datafield><datafield ind1="0" ind2="0" tag="245"><subfield code="a">Naro&#769;d polski.</subfield></datafield><datafield ind1="1" ind2="1" tag="246"><subfield code="a">Polish nation</subfield></datafield><datafield ind1="1" ind2=" " tag="246"><subfield code="i">Published as:</subfield><subfield code="a">Naro&#769;d</subfield><subfield code="f">Jan. 1, 1897</subfield></datafield><datafield ind1=" " ind2=" " tag="260"><subfield code="a">Chicago, Ill. :</subfield><subfield code="b">T. Skaryszewski,</subfield><subfield code="c">1897-</subfield></datafield><datafield ind1="2" ind2=" " tag="260"><subfield code="3">June 24, 1971-&lt;June 8, 1989&gt;:</subfield><subfield code="a">Detroit, Mich. :</subfield><subfield code="b">T. Skaryszewski</subfield></datafield><datafield ind1="3" ind2=" " tag="260"><subfield code="3">&lt;June 22, 1989&gt;-</subfield><subfield code="a">Chicago, Ill. :</subfield><subfield code="b">T. Skaryszewski</subfield></datafield><datafield ind1=" " ind2=" " tag="300"><subfield code="a">v.</subfield></datafield><datafield ind1=" " ind2=" " tag="310"><subfield code="a">Semimonthly,</subfield><subfield code="b">Dec. 5, 1946-</subfield></datafield><datafield ind1=" " ind2=" " tag="321"><subfield code="a">Weekly,</subfield><subfield code="b">Jan. 8, 1897-&lt;Sept. 14, 1921&gt;</subfield></datafield><datafield ind1=" " ind2=" " tag="321"><subfield code="a">Monthly,</subfield><subfield code="b">&lt;Jan. 20, 1926-Dec. 19, 1928&gt;</subfield></datafield><datafield ind1=" " ind2=" " tag="321"><subfield code="a">Weekly,</subfield><subfield code="b">&lt;Jan. 1930&gt;-Nov. 28, 1946</subfield></datafield><datafield ind1="0" ind2=" " tag="362"><subfield code="a">Rok 1, no. 1 (1 stycz. 1897)-</subfield></datafield><datafield ind1=" " ind2=" " tag="530"><subfield code="a">Available on microfilm;</subfield><subfield code="b">Library of Congress, Photoduplication Service and the Center for Research Libraries.</subfield></datafield><datafield ind1=" " ind2=" " tag="546"><subfield code="a">In Polish, 1897-&lt;1946&gt;; in Polish and English, Dec. 5, 1946-</subfield></datafield><datafield ind1=" " ind2=" " tag="588"><subfield code="a">Latest issue consulted: Vol. 114, no. 11 (June 1, 2000).</subfield></datafield><datafield ind1=" " ind2="0" tag="650"><subfield code="a">Polish Americans</subfield><subfield code="z">Michigan</subfield><subfield code="z">Detroit</subfield><subfield code="v">Newspapers.</subfield></datafield><datafield ind1=" " ind2="0" tag="650"><subfield code="a">Polish Americans</subfield><subfield code="z">Illinois</subfield><subfield code="z">Chicago</subfield><subfield code="v">Newspapers.</subfield></datafield><datafield ind1=" " ind2="0" tag="650"><subfield code="a">Polish American Catholics</subfield><subfield code="z">Illinois</subfield><subfield code="z">Chicago</subfield><subfield code="v">Newspapers.</subfield></datafield><datafield ind1=" " ind2="0" tag="650"><subfield code="a">Polish American Catholics</subfield><subfield code="z">Michigan</subfield><subfield code="z">Detroit</subfield><subfield code="v">Newspapers.</subfield></datafield><datafield ind1=" " ind2="0" tag="650"><subfield code="a">Polish American newspapers</subfield><subfield code="z">Illinois</subfield><subfield code="z">Chicago.</subfield></datafield><datafield ind1=" " ind2="0" tag="650"><subfield code="a">Polish American newspapers</subfield><subfield code="z">Michigan</subfield><subfield code="z">Detroit.</subfield></datafield><datafield ind1=" " ind2="0" tag="651"><subfield code="a">Chicago (Ill.)</subfield><subfield code="v">Newspapers.</subfield></datafield><datafield ind1=" " ind2="0" tag="651"><subfield code="a">Detroit (Mich.)</subfield><subfield code="v">Newspapers.</subfield></datafield><datafield ind1=" " ind2="7" tag="655"><subfield code="a">Newspapers.</subfield><subfield code="2">fast</subfield><subfield code="0">(OCoLC)fst01423814</subfield></datafield><datafield ind1=" " ind2="7" tag="650"><subfield code="a">Polish American Catholics.</subfield><subfield code="2">fast</subfield><subfield code="0">(OCoLC)fst01068856</subfield></datafield><datafield ind1=" " ind2="7" tag="650"><subfield code="a">Polish American newspapers.</subfield><subfield code="2">fast</subfield><subfield code="0">(OCoLC)fst01069167</subfield></datafield><datafield ind1=" " ind2="7" tag="650"><subfield code="a">Polish Americans.</subfield><subfield code="2">fast</subfield><subfield code="0">(OCoLC)fst01068870</subfield></datafield><datafield ind1=" " ind2="7" tag="651"><subfield code="a">Illinois</subfield><subfield code="z">Chicago.</subfield><subfield code="2">fast</subfield><subfield code="0">(OCoLC)fst01204048</subfield></datafield><datafield ind1=" " ind2="7" tag="651"><subfield code="a">Michigan</subfield><subfield code="z">Detroit.</subfield><subfield code="2">fast</subfield><subfield code="0">(OCoLC)fst01205010</subfield></datafield><datafield ind1="2" ind2=" " tag="710"><subfield code="a">Polish Roman Catholic Union of America.</subfield></datafield><datafield ind1=" " ind2=" " tag="752"><subfield code="a">United States</subfield><subfield code="b">Michigan</subfield><subfield code="c">Wayne</subfield><subfield code="d">Detroit.</subfield></datafield><datafield ind1=" " ind2=" " tag="752"><subfield code="a">United States</subfield><subfield code="b">Illinois</subfield><subfield code="c">Cook</subfield><subfield code="d">Chicago.</subfield></datafield></record>